<?xml version="1.0" encoding="UTF-8"?><collection xmlns="http://www.loc.gov/MARC21/slim"><record><leader>00689nam--2200169-i-4500</leader><controlfield tag="001">000000086</controlfield><controlfield tag="002">20161230</controlfield><controlfield tag="005">20161230201023</controlfield><controlfield tag="008">060222s1000------------r-----000-0-eng-d</controlfield><datafield ind1=" " ind2=" " tag="040"><subfield code="a">IFIN-HH</subfield></datafield><datafield ind1=" " ind2=" " tag="080"><subfield code="a">621.039.6(075.9):533.9:621.375.826(075.9)</subfield></datafield><datafield ind1="1" ind2=" " tag="110"><subfield code="a">International Centre for Theoretical Physics, Trieste</subfield></datafield><datafield ind1="1" ind2="0" tag="245"><subfield code="a">Fusion energy - 1981</subfield><subfield code="b">Selected lectures presented at a spring college on fusion energy, held at trieste on 26 may-19 june, 1981, organized by the international centre for theoretical physics, trieste, italy</subfield></datafield><datafield ind1=" " ind2=" " tag="260"><subfield code="a">Trieste, International Centre For Theoretical Physics, 1982</subfield></datafield><datafield ind1=" " ind2=" " tag="300"><subfield code="a">418 P</subfield></datafield><datafield ind1=" " ind2=" " tag="852"><subfield code="a">49917</subfield><subfield code="c">533.9</subfield></datafield><datafield ind1=" " ind2=" " tag="CAT"><subfield code="a">Sys</subfield><subfield code="c">20100930</subfield><subfield code="h">095718</subfield></datafield></record></collection>